%% -*- coding:utf-8 -*- 

@Book{bMandel,
 author    = "Мандель Л. and Вольф Э.",
 title     = "Оптическая когерентность и квантовая оптика",
 publisher = "Наука. ФИЗМАТЛИТ",
 year      = 2000,
 pages     = 896,
 address   = "Москва",
 language  = "russian"
}

@Book{bBelok,
 author    = "Белокуров В.В. and Тимофеевская О.Д. and Хрусталев О.А.",
 title     = "Квантовая телепортация - обыкновенное чудо",
 publisher = "НИЦ Регулярная и хаотическая динамика",
 year      = 2000,
 pages     = 256,
 address   = "Ижевск",
 language  = "russian"
}

@Article{bKilin,
 author    = "Килин С.Я.",
 title     = "Квантовая информация",
 year      = 1999,
 pages     = 507-526,
 number    = 5,
 volume    = 169,
 journal   = "УФН"
}

@Article{bLlishko_1994,
 author    = "Клышко Д.Н.",
 title     = "Квантовая оптика: квантовые, классические и метафизические аспекты",
 year      = 1994,
 pages     = 1187-1214,
 number    = 11,
 volume    = 164,
 journal   = "УФН"
}

@Article{bLlishko_1996,
 author    = "Клышко Д.Н.",
 title     = "Неклассический свет",
 year      = 1996,
 pages     = 613-638,
 number    = 6,
 volume    = 166,
 journal   = "УФН"
}

@Article{bVoron,
 author    = "Воронцов Ю.И.",
 title     = "Фаза осциллятора в квантовой теории. Что это такое на самом деле?",
 year      = 2002,
 pages     = 907-929,
 number    = 8,
 volume    = 172,
 journal   = "УФН"
}

@Book{bScully,
 author    = "Scully M.O. and Zubuiry M.S.",
 title     = "Quantum Optics",
 publisher = "Cambridge University Press",
 year      = 1997,
 pages     = 635,
 address   = "UK",
 language  = "english"
}

@Book{bLoudon,
 author    = "Loudon",
 title     = "The Quantum Theory of Light",
 publisher = "Oxford University Press",
 year      = 2000,
 pages     = 438,
 edition   = "Third",
 language  = "english"
}

@Book{bYamamoto,
 author    = "Y. Yamamoto and A. Imamoglu",
 title     = "Mesoscopic quantum optics",
 publisher = "J.Wiley \& Sons",
 year      = 1999,
 pages     = 301,
 address   = "USA",
 language  = "english"
}
